@misc{web:umweltamt:nichtinvestiv,
  author = {Umweltbundesamt},
  title = {Kommunal, nicht-investive Maßnahmen im Verkehr. Eine Beispielsammlung},
  year = {2022},
  note = {},
  url = {https://www.umweltbundesamt.de/sites/default/files/medien/479/publikationen/uba_oekologwirkungsanalyseverkehr_web_bf.pdf}
}

@book{kemfert2023schockwellen,
	abstract = {Die Energiekrise erschüttert die globale Wirtschaft. Gas und Öl werden als geopolitische Waffen eingesetzt. Und plötzlich sind Kohle, Fracking und Atomkraft wieder auf der Tagesordnung. Doch wer zahlt den Preis? Haben wir überhaupt noch eine Chance, uns aus den Abhängigkeiten zu befreien? Energieökonomin Claudia Kemfert gibt Antworten. Und sie benennt die Verantwortlichen für die verfahrene Situation. Ein kleines Zeitfenster bleibt, durch entschlossenes Handeln unsere Energieversorgung zu sichern und gleichzeitig Demokratie, Wohlstand und friedliches Zusammenleben zu stützen.},
	added-at = {2023-02-09T12:32:02.000+0100},
	address = {Frankfurt am Main},
	author = {Kemfert, Claudia},
	biburl = {https://www.bibsonomy.org/bibtex/25a7e5c97010676aebd2a627fa992761c/meneteqel},
	edition = {1. Aufl.},
	interhash = {eecf7a50aa2499e9c953bd16188018c7},
	intrahash = {5a7e5c97010676aebd2a627fa992761c},
	isbn = {978-3-593-51696-7},
	keywords = {Energiepolitik Energiewende},
	language = {de-DE},
	publisher = {Campus},
	timestamp = {2023-02-09T12:32:02.000+0100},
	title = {Schockwellen: Letzte Chance für sichere Energien und Frieden },

	year = 2023
}

@book{diehl2022autokorrektur,
	abstract = {Ein Plädoyer für eine inklusive und klimagerechte Verkehrswende – Mit Schwung, Know-how und Kreativität macht die Mobilitätsexpertin Katja Diehl Lust auf eine Gesellschaft, die gemeinsam eine attraktive und klimafreundliche Zukunft für alle baut. Eine Zukunft, die mehr Lebensqualität in Städten und auf dem Land bietet sowie moderne Formen von Arbeit berücksichtigt. Momentan ist nicht alles in unserem Land fair und klimagerecht, inklusiv und bezahlbar aufgestellt. Die Bedürfnisse vieler Menschen werden nicht angemessen berücksichtigt. Das können wir ändern, davon ist Mobilitätsexpertin Katja Diehl überzeugt und läutet die Verkehrswende ein.},
	added-at = {2022-01-11T15:40:02.000+0100},
	address = {Frankfurt am Main},
	author = {Diehl, Katja and Reich, Doris},
	biburl = {https://www.bibsonomy.org/bibtex/2195685ea2a10ba9e856c5e053161b436/meneteqel},
	interhash = {a1d52b4295040107334ea8759c0c59ae},
	intrahash = {195685ea2a10ba9e856c5e053161b436},
	isbn = {978-3-10-397142-2},
	keywords = {Mobilitätswende Sozial-ökologische_Transformation Verkehrswende},
	language = {de-DE},
	publisher = {S. Fischer},
	timestamp = {2022-01-11T15:43:57.000+0100},
	title = {Autokorrektur – Mobilität für eine lebenswerte Welt},
	url = {https://www.fischerverlage.de/buch/katja-diehl-autokorrektur-mobilitaet-fuer-eine-lebenswerte-welt-9783103971422},
	year = 2022
}

